<?xml version="1.0" encoding="UTF-8"?><collection xmlns="http://www.loc.gov/MARC21/slim"><record><leader>00379nam--2200121-i-4500</leader><controlfield tag="001">000007752</controlfield><controlfield tag="002">20161230</controlfield><controlfield tag="005">20161230201027</controlfield><controlfield tag="008">060222s1000------------r-----000-0-eng-d</controlfield><datafield ind1=" " ind2=" " tag="100"><subfield code="a">Bakker, J.W. De</subfield></datafield><datafield ind1=" " ind2=" " tag="245"><subfield code="a">Mr 74 formal definition of algorithmic languag es with an application to the definition of al gol 60</subfield></datafield><datafield ind1=" " ind2=" " tag="260"><subfield code="a">Amsterdam, Mathematisch Centrum, 1965. 55p</subfield></datafield><datafield ind1=" " ind2=" " tag="852"><subfield code="a">24454</subfield></datafield></record></collection>